% Encoding: UTF-8

@InProceedings{bellingham2002,
  author =       {John Bellingham and Arthur Richards and Jonathan P. How},
  title =        {Receding Horizon Control of Autonomous Aerial Vehicles},
  booktitle =    {Proceedings of the American Control Conference, Anchorage, AK, USA},
  year =         {2002},
  pages = {3741 - 3746}
}

@Misc{cbr2008,
  note = {http://www.cbrobotica. org/wp-content/uploads/2014/03/VerySmall2008\_en.pdf}
}

@Misc{howiechoset,
  author = {James Kuffner},
  title =  {Howie {C}hoset with slides from {J}ames {K}uffner}
}

@article{orozcomaquinas,
  title={M{\'a}quinas de Estados Finitos},
  author={Orozco, Jorge Alejandro Guti{\'e}rrez and de C{\'o}mputo, Escuela Superior}
}