% Encoding: UTF-8


@inbook{decision_tree,
    author = {S. Russel and P. Norvig},
    title ={Artificial Intelligence: A Modern Approach},
    publisher = {Prentice Hall},
    year = {2009},
    volume  = {3},
    pages = {697-707},
    edition= {3}
}

@Misc{cbr2008,
  note = {http://www.cbrobotica. org/wp-content/uploads/2014/03/VerySmall2008\_en.pdf}
}

@Misc{ssl,
  note = {http://www.cbrobotica. org/wp-content/uploads/2014/03/VerySmall2008\_en.pdf}
}

@article{orozcomaquinas,
  title={M{\'a}quinas de Estados Finitos},
  author={Mateus Menezes Azevedo Coelho}
}

@article{tasinaffo_ic,
  title={Desenvolvimento de Visão Computacional do Robô Humanoide},
  author={Mateus Menezes Azevedo Coelho and Paulo Marcelo Tasinaffo},
  year=2016
}

@phdthesis{behavior_tree_robotics,
  author       = {Michele Colledanchise}, 
  title        = {Behavior Trees in Robotics},
  school       = {KTH Royal Institute of Technology},
  year         = 2016,
  month        = 2
}

@inproceedings{cox1988c++,
  title={C++ language support for guaranteed initialization, safe termination and error recovery in robotics},
  author={Cox, Ingemar J},
  booktitle={Robotics and Automation, 1988. Proceedings., 1988 IEEE International Conference on},
  pages={641--643},
  year={1988},
  organization={IEEE}
}

@mastersthesis{franzoni_rrt,
  author = {Igor Franzoni Okuyama},
  title =  {TRAJECTORY PLANNING CONSIDERING ACCELERATION LIMITS FOR AN AUTONOMOUS SOCCER PLAYER},
  school = {Instituto Tecnol\'{o}gico de Aeron\'{a}utica},
  year =   {2017},
  type =   {Trabalho de Gradua\c{c}\~{a}o}
}

@book{west2001introduction,
  title={Introduction to graph theory},
  author={West, Douglas Brent and others},
  volume={2},
  chapter = 2,
  year={2001},
  publisher={Prentice hall Upper Saddle River}
}

@book{egly2005decision,
  title={Decision making for MiroSOT soccer playing robots},
  author={Egly, Uwe and Novak, Gregor and Weber, Daniel},
  year={2005},
  publisher={na}
}

@article{delaunay34,
   author = "Boris Delaunay",
   title = "Sur la sph\'{e}re vide",
   year = "1934",
   journal = "Bulletin de l'Académie des Sciences de l'URSS",
   volume = 6,
   pages = {793-800} 
}

@article{voronoi08,
   author = "Georgy Voronoi",
   title = "Nouvelles applications des paramètres continus à la théorie des formes quadratiques",
   year = "1908",
   journal = "Journal für die Reine und Angewandte Mathematik",
   volume = 133,
   pages = {97-178} 
}

@misc{NEUIslanders_ssl,
  author       = {Rahib H. Abiyev and Şenol Bektas and Nurullah Akkaya and Ersin Aytac}, 
  title        = {NEUIslanders 2017 Team Description Paper },
  howpublished = {Robocup},
  year         = 2017,
}

@incollection{hunt2013gang,
  title={Gang of four design patterns},
  author={Hunt, John},
  booktitle={Scala Design Patterns},
  pages={135--136},
  year={2013},
  publisher={Springer}
}

@inproceedings{akiyama2007multi,
  title={Multi-agent positioning mechanism in the dynamic environment},
  author={Akiyama, Hidehisa and Noda, Itsuki},
  booktitle={Robot Soccer World Cup},
  pages={377--384},
  year={2007},
  organization={Springer}
}

@Misc{Qt,
  note = {https://www.qt.io/}
}